@misc{texasHoldEm,
  title = "Texas hold 'em",
  howpublished = "\url{https://en.wikipedia.org/wiki/Texas_hold_%27em}"
}

@misc{trust,
  title = "Blockchain Week 2016: Virtue Poker - Ryan Gittleson",
  howpublished = "\url{https://www.youtube.com/watch?v=8lClBD62Mys}"
}

@article{abspoker,
  title = "UB \& Absolute Poker to File Bankruptcy",
  howpublished = "\url{https://www.pokernews.com/news/2011/05/ub-absolute-poker-to-file-bankruptcy-10337.htm}"
}

@misc{remix,
  title = "Remix",
  howpublished = "\url{https://remix.ethereum.org/}"
}

@misc{ganache,
  title = "Ganache",
  howpublished = "\url{http://truffleframework.com/ganache/}"
}

@misc{metamask,
  title = "MetaMask",
  howpublished = "\url{https://metamask.io/}"
}

@article{random,
  title = "Predicting Random Numbers in Ethereum Smart Contracts",
  author = "Arseny Reutov",
  howpublished = "\url{https://blog.positive.com/predicting-random-numbers-in-ethereum-smart-contracts-e5358c6b8620}"
}

@misc{shuffling,
  title = "Commit: Add non-working pseudo random shuffle alg",
  howpublished = "\url{https://github.com/louisdeb/dapp-poker/commit/1f6d02410a2c9f94581da96c0da833f825304988}"
}

@misc{oraclize,
  title = "Oraclize",
  howpublished = "\url{http://www.oraclize.it/}"
}

@article{virtue,
  title = "FAQ about Virtue Poker",
  author = "Virtue Poker",
  howpublished = "\url{https://medium.com/@VirtuePoker/faq-blog-post-for-virtue-poker-28a5f37bb964}"
}

@misc{stack,
  title = "Solidity Issues: Stack too deep #267",
  howpublished = "\url{https://github.com/ethereum/solidity/issues/267}"
}

@misc{stackrefactor,
  title = "Commit: Fix stack size issues when determining winner",
  howpublished = "\url{https://github.com/louisdeb/dapp-poker/commit/b9c6885a1d4b45876de6c49d646cfc3568f3a4f3}"
}